@article{lecun15,
  author =	 {Yann LeCun and Yoshua Bengio and Geoffrey Hinton},
  title =	 {Deep Learning},
  journal =	 {Nature},
  volume =	 521,
  number =	 7553,
  pages =	 {436-444},
  year =	 2015,
  doi =		 {10.1038/nature14539},
  url =		 {https://doi.org/10.1038/nature14539},
  DATE_ADDED =	 {Sat Jan 19 15:45:43 2019},
}

@Online{higham18,
  author       = {Catherine F. Higham AND Desmond J. Higham},
  title	       = {{Deep Learning: An Introduction for Applied
                  Mathematicians}},
  year	       = 2018,
  archiveprefix= {arXiv},
  eprint       = {1801.05894v1},
  primaryclass = {math.HO}
}

@article{krizhevsky17,
  author =	 {Alex Krizhevsky and Ilya Sutskever and Geoffrey
                  E. Hinton},
  title =	 {Imagenet Classification With Deep Convolutional
                  Neural Networks},
  journal =	 {Communications of the ACM},
  volume =	 60,
  number =
  6,
  pages =	 {84-90},
  year =	 2017,
  doi =		 {10.1145/3065386},
  url =		 {https://doi.org/10.1145/3065386},
  DATE_ADDED =	 {Sat Jan 19 23:00:02 2019},
}

@article{farabet13,
  author =	 {Clement Farabet and Camille Couprie and Laurent
                  Najman and Yann LeCun},
  title =	 {Learning Hierarchical Features for Scene Labeling},
  journal =	 {IEEE Transactions on Pattern Analysis and Machine
                  Intelligence},
  volume =	 35,
  number =	 8,
  pages =	 {1915-1929},
  year =	 2013,
  doi =		 {10.1109/tpami.2012.231},
  url =		 {https://doi.org/10.1109/tpami.2012.231},
  DATE_ADDED =	 {Sat Jan 19 23:03:23 2019},
}

@article{NIPS2014_5573,
title = {Joint Training of a Convolutional Network and a Graphical Model for Human Pose Estimation},
author = {Tompson, Jonathan J and Jain, Arjun and LeCun, Yann and Bregler, Christoph},
booktitle = {Advances in Neural Information Processing Systems 27},
editor = {Z. Ghahramani and M. Welling and C. Cortes and N. D. Lawrence and K. Q. Weinberger},
pages = {1799--1807},
year = {2014},
publisher = {Curran Associates, Inc.},
url = {http://papers.nips.cc/paper/5573-joint-training-of-a-convolutional-network-and-a-graphical-model-for-human-pose-estimation.pdf}
}

@inproceedings{szegedy15,
  author =	 {Christian Szegedy and Wei Liu and Yangqing Jia and
                  Pierre Sermanet and Scott Reed and Dragomir Anguelov
                  and Dumitru Erhan and Vincent Vanhoucke and Andrew
                  Rabinovich},
  title =	 {Going deeper with convolutions},
  booktitle =	 {2015 IEEE Conference on Computer Vision and Pattern
                  Recognition (CVPR)},
  year =	 2015,
  pages =	 {nil},
  doi =		 {10.1109/cvpr.2015.7298594},
  url =		 {https://doi.org/10.1109/cvpr.2015.7298594},
  DATE_ADDED =	 {Sat Jan 19 23:12:37 2019},
  month =	 6,
}

@inproceedings{mikolov11_strat,
  author =	 {Tomas Mikolov and Anoop Deoras and Daniel Povey and
                  Lukas Burget and Jan Cernocky},
  title =	 {Strategies for training large scale neural network
                  language models},
  booktitle =	 {2011 IEEE Workshop on Automatic Speech Recognition
                  \& Understanding},
  year =	 2011,
  pages =	 {nil},
  doi =		 {10.1109/asru.2011.6163930},
  url =		 {https://doi.org/10.1109/asru.2011.6163930},
  DATE_ADDED =	 {Sun Jan 20 14:57:18 2019},
  month =	 12,
}

@article{hinton-speech,
title	= {Deep Neural Networks for Acoustic Modeling in Speech Recognition},
author	= {Geoffrey Hinton and Li Deng and Dong Yu and George Dahl and Abdel-rahman Mohamed and Navdeep Jaitly and Andrew Senior and Vincent Vanhoucke and Patrick Nguyen and Tara Sainath and Brian Kingsbury},
year	= {2012},
journal	= {Signal Processing Magazine}
}

@inproceedings{sainath13_deep,
  author =	 {Tara N. Sainath and Abdel-rahman Mohamed and Brian
                  Kingsbury and Bhuvana Ramabhadran},
  title =	 {Deep convolutional neural networks for LVCSR},
  booktitle =	 {2013 IEEE International Conference on Acoustics,
                  Speech and Signal Processing},
  year =	 2013,
  pages =	 {nil},
  doi =		 {10.1109/icassp.2013.6639347},
  url =		 {https://doi.org/10.1109/icassp.2013.6639347},
  DATE_ADDED =	 {Sun Jan 20 15:00:22 2019},
  month =	 5,
}

@article{ma15_deep_neural_nets_as_method,
  author =	 {Junshui Ma and Robert P. Sheridan and Andy Liaw and
                  George E. Dahl and Vladimir Svetnik},
  title =	 {Deep Neural Nets As a Method for Quantitative
                  Structure-Activity Relationships},
  journal =	 {Journal of Chemical Information and Modeling},
  volume =	 55,
  number =	 2,
  pages =	 {263-274},
  year =	 2015,
  doi =		 {10.1021/ci500747n},
  url =		 {https://doi.org/10.1021/ci500747n},
  DATE_ADDED =	 {Sun Jan 20 15:18:23 2019},
}

@article{karras17_progr_growin_gans_improv_qualit_stabil_variat,
  author =	 {Karras, Tero and Aila, Timo and Laine, Samuli and
                  Lehtinen, Jaakko},
  title =	 {Progressive Growing of Gans for Improved Quality,
                  Stability, and Variation},
  journal =	 {CoRR},
  year =	 2017,
  url =		 {http://arxiv.org/abs/1710.10196v3},
  abstract =	 {We describe a new training methodology for
                  generative adversarial networks.  The key idea is to
                  grow both the generator and discriminator
                  progressively: starting from a low resolution, we
                  add new layers that model increasingly fine details
                  as training progresses. This both speeds the
                  training up and greatly stabilizes it, allowing us
                  to produce images of unprecedented quality, e.g.,
                  CelebA images at 1024^2. We also propose a simple
                  way to increase the variation in generated images,
                  and achieve a record inception score of 8.80 in
                  unsupervised CIFAR10. Additionally, we describe
                  several implementation details that are important
                  for discouraging unhealthy competition between the
                  generator and discriminator. Finally, we suggest a
                  new metric for evaluating GAN results, both in terms
                  of image quality and variation. As an additional
                  contribution, we construct a higher-quality version
                  of the CelebA dataset.},
  archivePrefix ={arXiv},
  eprint =	 {1710.10196},
  primaryClass = {cs.NE},
}
                  


@article{rosenblatt58_percep,
  author =	 {F. Rosenblatt},
  title =	 {The Perceptron: a Probabilistic Model for
                  Information Storage and Organization in the Brain.},
  journal =	 {Psychological Review},
  volume =	 65,
  number =	 6,
  pages =	 {386-408},
  year =	 1958,
  doi =		 {10.1037/h0042519},
  url =		 {https://doi.org/10.1037/h0042519},
  DATE_ADDED =	 {Mon Jan 28 10:38:24 2019},
}


@article{mcculloch43,
  author =	 {Warren S. McCulloch and Walter Pitts},
  title =	 {A Logical Calculus of the Ideas Immanent in Nervous
                  Activity},
  journal =	 {The Bulletin of Mathematical Biophysics},
  volume =	 5,
  number =	 4,
  pages =	 {115-133},
  year =	 1943,
  doi =		 {10.1007/bf02478259},
  url =		 {https://doi.org/10.1007/bf02478259},
  DATE_ADDED =	 {Mon Jan 28 10:41:16 2019},
}

@article{Kelley1960,
  author="H. J. Kelley",
  title="Gradient Theory of Optimal Flight Paths",
  journal="ARS Journal",
  volume="30",
  number="10",
  pages="947-954",
  year="1960"
}

@inproceedings{bryson1961,
  author="A. E. Bryson",
  title="A gradient method for optimizing multi-stage allocation processes",
  booktitle="Proc. Harvard Univ. Symposium on digital computers and their applications",
  year=1961
}


@techreport{BRYSON-DENHAM-61A,
author={Bryson, Jr., Arthur E. and W. F. Denham},
title={A steepest-ascent method for solving optimum programming problems},
institution={Raytheon Company, Missle and Space Division},
number={BR-1303},
year=1961,
}

@book{PONTRYAGIN61A,
author  =   "Lev Semenovich Pontryagin and V. G. Boltyanskii and
        R. V. Gamrelidze and E. F. Mishchenko",
year    =   1961,
title   =   "The Mathematical Theory of Optimal Processes",
annote  =   "The Pontryagin Maximization Principle",
}

@article{dreyfus1962,
  author="S. E. Dreyfus",
  title="The numerical solution of variational problems",
  journal="Journal of Mathematical Analysis and Applications", 
  volume="5(1)",
  pages="30-45", 
  year="1962"
}

@book{Wilkinson1965,
 editor = {Wilkinson, J. H.},
 title = {The Algebraic Eigenvalue Problem},
 year = {1965},
 isbn = {0-198-53418-3},
 publisher = {Oxford University Press, Inc.},
 address = {New York, NY, USA},
} 

@Article{Amari1967TAP,
  author =       "S. Amari",
  title =        "A Theory of Adaptive Pattern Classifiers",
  journal =      "IEEE Trans. EC",
  volume =       "16",
  number =       "3",
  pages =        "299--307",
  year =         "1967"
}

@book{bryson1969applied,
  title={Applied optimal control: optimization, estimation, and control},
  author={Bryson, A.E. and Ho, Y.C.},
  lccn={69010425},
  url={http://books.google.ch/books?id=k\_FQAAAAMAAJ},
  year={1969},
  publisher={Blaisdell Pub. Co.}
}


@article{newell69_percep,
  author =	 {A. Newell},
  title =	 {Perceptrons. an Introduction To Computational
                  Geometry. Marvin Minsky and Seymour
                  Papert. M.I.T. Press, Cambridge, Mass., 1969. Vi +
                  258 Pp., Illus. Cloth, $12; Paper, $4.95},
  journal =	 {Science},
  volume =	 165,
  number =	 3895,
  pages =	 {780-782},
  year =	 1969,
  doi =		 {10.1126/science.165.3895.780},
  url =		 {https://doi.org/10.1126/science.165.3895.780},
  DATE_ADDED =	 {Thu Feb 7 15:42:54 2019},
}


* Newell, A. (1969): Perceptrons. an introduction to computational geometry. marvin minsky and seymour papert. m.i.t. press, cambridge, mass., 1969. vi + 258 pp., illus. cloth, $12; paper, $4.95
  :PROPERTIES:
  :Custom_ID: newell69_percep
  :END:

@article{schmidhuber15_deep_learn_neural_networ,
  author =	 {J{\"u}rgen Schmidhuber},
  title =	 {Deep Learning in Neural Networks: an Overview},
  journal =	 {Neural Networks},
  volume =	 61,
  number =	 {nil},
  pages =	 {85-117},
  year =	 2015,
  doi =		 {10.1016/j.neunet.2014.09.003},
  url =		 {https://doi.org/10.1016/j.neunet.2014.09.003},
  DATE_ADDED =	 {Thu Feb 7 15:59:07 2019},
}


* J\"urgen Schmidhuber (2015): Deep learning in neural networks: an overview
  :PROPERTIES:
  :Custom_ID: schmidhuber15_deep_learn_neural_networ
  :END:

@mastersthesis{Linnainmaa:1970,
title = "The representation of the cumulative rounding error of an algorithm as a {Taylor} expansion of the local rounding errors",
author = "Linnainmaa, S.",
year = "1970",
school = "Univ. Helsinki"
}

@article{Linnainmaa:1976,
year={1976},
journal={BIT Numerical Mathematics},
volume={16},
number={2},
title={Taylor expansion of the accumulated rounding error},
publisher={Kluwer Academic Publishers},
author={Linnainmaa, Seppo},
pages={146-160},
language={English}
}

@inproceedings{Werbos:81sensitivity,
author= {P. J. Werbos},
title =  {Applications of Advances in Nonlinear Sensitivity Analysis},
booktitle = {Proceedings of the 10th IFIP Conference, 31.8 - 4.9, NYC},
pages = {762-770},
year   = {1981}}

@article{hornik89,
  author =	 {Kurt Hornik and Maxwell Stinchcombe and Halbert
                  White},
  title =	 {Multilayer Feedforward Networks Are Universal
                  Approximators},
  journal =	 {Neural Networks},
  volume =	 2,
  number =	 5,
  pages =	 {359-366},
  year =	 1989,
  doi =		 {10.1016/0893-6080(89)90020-8},
  url =		 {https://doi.org/10.1016/0893-6080(89)90020-8},
  DATE_ADDED =	 {Mon Feb 11 09:44:41 2019},
}

@book{cauchy,
  DATE_ADDED =	 {Mon Feb 11 09:55:09 2019},
  author =	 {Augustin-Louis Cauchy},
  booktitle =	 {Oeuvres compl{\`e}tes},
  doi =		 {10.1017/cbo9780511702396.063},
  pages =	 {399-402},
  publisher =	 {Cambridge University Press},
  series =	 {Oeuvres compl{\`e}tes},
  title =	 {ANALYSE MATH{\'E}MATIQUE. - M{\'e}thodc
                  g{\'e}n{\'e}rale pour la r{\'e}solution des
                  syst{\`e}mes d'{\'e}quations simultan{\'e}es},
  url =		 {https://doi.org/10.1017/cbo9780511702396.063},
  year =	 {1847},
}


@article{hubel59,
  author =	 {D. H. Hubel and T. N. Wiesel},
  title =	 {Receptive Fields of Single Neurones in the Cat's
                  Striate Cortex},
  journal =	 {The Journal of Physiology},
  volume =	 148,
  number =	 3,
  pages =	 {574-591},
  year =	 1959,
  doi =		 {10.1113/jphysiol.1959.sp006308},
  url =		 {https://doi.org/10.1113/jphysiol.1959.sp006308},
  DATE_ADDED =	 {Tue Feb 12 16:09:42 2019},
}


* Hubel, D. H., & Wiesel, T. N. (1959): Receptive fields of single neurones in the cat's striate cortex
  :PROPERTIES:
  :Custom_ID: hubel59_recep_field_singl_neuron_cats_striat_cortex
  :END:

@article{neocognitron,
  author =	 {Kunihiko Fukushima},
  title =	 {Neocognitron: a Self-Organizing Neural Network Model
                  for a Mechanism of Pattern Recognition Unaffected By
                  Shift in Position},
  journal =	 {Biological Cybernetics},
  volume =	 36,
  number =	 4,
  pages =	 {193-202},
  year =	 1980,
  doi =		 {10.1007/bf00344251},
  url =		 {https://doi.org/10.1007/bf00344251},
  DATE_ADDED =	 {Tue Feb 12 16:22:51 2019},
}


* Fukushima, K. (1980): Neocognitron: a self-organizing neural network model for a mechanism of pattern recognition unaffected by shift in position
  :PROPERTIES:
  :Custom_ID: fukushima80_neocog
  :END:

@inproceedings{hampshire89,
  author =	 {Hampshire and Waibel},
  title =	 {A novel objective function for improved phoneme
                  recognition using time delay neural networks},
  booktitle =	 {International Joint Conference on Neural Networks},
  year =	 1989,
  pages =	 {nil},
  doi =		 {10.1109/ijcnn.1989.118586},
  url =		 {https://doi.org/10.1109/ijcnn.1989.118586},
  DATE_ADDED =	 {Wed Feb 13 13:58:52 2019},
  month =	 {-},
}


* Hampshire, , & Waibel,  (1989): A novel objective function for improved phoneme recognition using time delay neural networks
  :PROPERTIES:
  :Custom_ID: hampshire89
  :END:

@inproceedings{waibel90,
  DATE_ADDED =	 {Wed Feb 13 14:08:35 2019},
  author =	 {ALEXANDER WAIBEL and TOSHIYUKI HANAZAWA and GEOFFREY
                  HINTON and KIYOHIRO SHIKANO and KEVIN J. LANG},
  booktitle =	 {Readings in Speech Recognition},
  doi =		 {10.1016/b978-0-08-051584-7.50037-1},
  pages =	 {393-404},
  publisher =	 {Elsevier},
  series =	 {Readings in Speech Recognition},
  title =	 {Phoneme Recognition Using Time-Delay Neural
                  Networks},
  url =		 {https://doi.org/10.1016/b978-0-08-051584-7.50037-1},
  year =	 {1990},
}


@article{lecun89,
  author =	 {Y. LeCun and B. Boser and J. S. Denker and
                  D. Henderson and R. E. Howard and W. Hubbard and
                  L. D. Jackel},
  title =	 {Backpropagation Applied To Handwritten Zip Code
                  Recognition},
  journal =	 {Neural Computation},
  volume =	 1,
  number =	 4,
  pages =	 {541-551},
  year =	 1989,
  doi =		 {10.1162/neco.1989.1.4.541},
  url =		 {https://doi.org/10.1162/neco.1989.1.4.541},
  DATE_ADDED =	 {Wed Feb 13 14:22:30 2019},
}

@article{lhc_machine,
  author =	 {Lyndon Evans and Philip Bryant},
  title =	 {Lhc Machine},
  journal =	 {Journal of Instrumentation},
  volume =	 3,
  number =	 08,
  pages =	 {S08001-S08001},
  year =	 2008,
  doi =		 {10.1088/1748-0221/3/08/s08001},
  url =		 {https://doi.org/10.1088/1748-0221/3/08/s08001},
  DATE_ADDED =	 {Tue Feb 19 11:38:22 2019},
}

@article{higgs_atlas,
  author =	 {The ATLAS Collaboration},
  title =	 {Observation of a New Particle in the Search for the
                  Standard Model Higgs Boson With the Atlas Detector
                  At the Lhc},
  journal =	 {Physics Letters B},
  volume =	 716,
  number =	 1,
  pages =	 {1-29},
  year =	 2012,
  doi =		 {10.1016/j.physletb.2012.08.020},
  url =		 {https://doi.org/10.1016/j.physletb.2012.08.020},
  DATE_ADDED =	 {Tue Feb 19 14:21:20 2019},
}

@article{higgs_cms,
  author =	 {The CMS Collaboration},
  title =	 {Observation of a New Boson At a Mass of 125 Gev With
                  the CMS Experiment At the LHC},
  journal =	 {Physics Letters B},
  volume =	 716,
  number =	 1,
  pages =	 {30-61},
  year =	 2012,
  doi =		 {10.1016/j.physletb.2012.08.021},
  url =		 {https://doi.org/10.1016/j.physletb.2012.08.021},
  DATE_ADDED =	 {Tue Feb 19 14:29:29 2019},
}

@article{higgs_cms,
  author =	 {The CMS Collaboration},
  title =	 {Observation of a New Boson At a Mass of 125 Gev With
                  the CMS Experiment At the LHC},
  journal =	 {Physics Letters B},
  volume =	 716,
  number =	 1,
  pages =	 {30-61},
  year =	 2012,
  doi =		 {10.1016/j.physletb.2012.08.021},
  url =		 {https://doi.org/10.1016/j.physletb.2012.08.021},
  DATE_ADDED =	 {Tue Feb 19 14:29:29 2019},
}

@article{lhcmap,
  author = {Richard Mitnick},
  title = {CERN/LHC Map},
  year = 2015,
  url = {https://sciencesprings.wordpress.com/2015/08/02/fermilab-is-an-enduring-source-of-strength-for/cern-lhc-map-31/},
  urldate = {2019-02-18}
}

@article{geant_simul_toolk,
  author =	 {Geant4 Collaboration},
  title =	 {Geant4 - A Simulation Toolkit},
  journal =	 {Nuclear Instruments and Methods in Physics Research
                  Section A: Accelerators, Spectrometers, Detectors
                  and Associated Equipment},
  volume =	 506,
  number =	 3,
  pages =	 {250-303},
  year =	 2003,
  doi =		 {10.1016/s0168-9002(03)01368-8},
  url =		 {https://doi.org/10.1016/s0168-9002(03)01368-8},
  DATE_ADDED =	 {Fri Feb 22 11:36:47 2019},
}

@article{geant4-doc,
  author = {Geant4 Collaboration},
  title = {Geant4 User Documentation},
  year = 2018,
  url = {https://geant4.web.cern.ch/support/user_documentation/},
  urldate = {2019-02-18},
}

@article{geant4-phys-ref,
  author = {Geant4 Collaboration},
  title = {Geant4 Physics Reference Manual},
  year = 2018,
  url = {http://geant4-userdoc.web.cern.ch/geant4-userdoc/UsersGuides/PhysicsReferenceManual/fo/PhysicsReferenceManual.pdf},
  urldate = {2019-02-18}
}

@article{geant4-rec-dev,
  author = {Geant4 Collaboration},
  title = {Recent Developments in Geant4},
  DATE_ADDED = 	 {Fri Feb 22 12:10:10 2019},
  booktitle = {SNA + MC 2013 - Joint International Conference on Supercomputing in Nuclear Applications + Monte Carlo},
  year = {2014},
  month = {-},
  pages = {nil},
  doi = {10.1051/snamc/201406006},
  url = {https://doi.org/10.1051/snamc/201406006},
}

@article{geant4_geom,
  author =	 {Geant 4 Collaboration},
  title =	 {Geometry and Physics of the Geant4 Toolkit for High
                  and Medium Energy Applications},
  journal =	 {Radiation Physics and Chemistry},
  volume =	 78,
  number =	 10,
  pages =	 {859-873},
  year =	 2009,
  doi =		 {10.1016/j.radphyschem.2009.04.026},
  url =		 {https://doi.org/10.1016/j.radphyschem.2009.04.026},
  DATE_ADDED =	 {Fri Feb 22 12:11:24 2019},
}

@article{PhysRevD.98.030001,
  title = {Review of Particle Physics},
  author = {Tanabashi, M. and Hagiwara, K. and Hikasa, K. and Nakamura, K. and Sumino, Y. and Takahashi, F. and Tanaka, J. and Agashe, K. and Aielli, G. and Amsler, C. and Antonelli, M. and Asner, D. M. and Baer, H. and Banerjee, Sw. and Barnett, R. M. and Basaglia, T. and Bauer, C. W. and Beatty, J. J. and Belousov, V. I. and Beringer, J. and Bethke, S. and Bettini, A. and Bichsel, H. and Biebel, O. and Black, K. M. and Blucher, E. and Buchmuller, O. and Burkert, V. and Bychkov, M. A. and Cahn, R. N. and Carena, M. and Ceccucci, A. and Cerri, A. and Chakraborty, D. and Chen, M.-C. and Chivukula, R. S. and Cowan, G. and Dahl, O. and D'Ambrosio, G. and Damour, T. and de Florian, D. and de Gouv\^ea, A. and DeGrand, T. and de Jong, P. and Dissertori, G. and Dobrescu, B. A. and D'Onofrio, M. and Doser, M. and Drees, M. and Dreiner, H. K. and Dwyer, D. A. and Eerola, P. and Eidelman, S. and Ellis, J. and Erler, J. and Ezhela, V. V. and Fetscher, W. and Fields, B. D. and Firestone, R. and Foster, B. and Freitas, A. and Gallagher, H. and Garren, L. and Gerber, H.-J. and Gerbier, G. and Gershon, T. and Gershtein, Y. and Gherghetta, T. and Godizov, A. A. and Goodman, M. and Grab, C. and Gritsan, A. V. and Grojean, C. and Groom, D. E. and Gr\"unewald, M. and Gurtu, A. and Gutsche, T. and Haber, H. E. and Hanhart, C. and Hashimoto, S. and Hayato, Y. and Hayes, K. G. and Hebecker, A. and Heinemeyer, S. and Heltsley, B. and Hern\'andez-Rey, J. J. and Hisano, J. and H\"ocker, A. and Holder, J. and Holtkamp, A. and Hyodo, T. and Irwin, K. D. and Johnson, K. F. and Kado, M. and Karliner, M. and Katz, U. F. and Klein, S. R. and Klempt, E. and Kowalewski, R. V. and Krauss, F. and Kreps, M. and Krusche, B. and Kuyanov, Yu. V. and Kwon, Y. and Lahav, O. and Laiho, J. and Lesgourgues, J. and Liddle, A. and Ligeti, Z. and Lin, C.-J. and Lippmann, C. and Liss, T. M. and Littenberg, L. and Lugovsky, K. S. and Lugovsky, S. B. and Lusiani, A. and Makida, Y. and Maltoni, F. and Mannel, T. and Manohar, A. V. and Marciano, W. J. and Martin, A. D. and Masoni, A. and Matthews, J. and Mei\ss{}ner, U.-G. and Milstead, D. and Mitchell, R. E. and M\"onig, K. and Molaro, P. and Moortgat, F. and Moskovic, M. and Murayama, H. and Narain, M. and Nason, P. and Navas, S. and Neubert, M. and Nevski, P. and Nir, Y. and Olive, K. A. and Pagan Griso, S. and Parsons, J. and Patrignani, C. and Peacock, J. A. and Pennington, M. and Petcov, S. T. and Petrov, V. A. and Pianori, E. and Piepke, A. and Pomarol, A. and Quadt, A. and Rademacker, J. and Raffelt, G. and Ratcliff, B. N. and Richardson, P. and Ringwald, A. and Roesler, S. and Rolli, S. and Romaniouk, A. and Rosenberg, L. J. and Rosner, J. L. and Rybka, G. and Ryutin, R. A. and Sachrajda, C. T. and Sakai, Y. and Salam, G. P. and Sarkar, S. and Sauli, F. and Schneider, O. and Scholberg, K. and Schwartz, A. J. and Scott, D. and Sharma, V. and Sharpe, S. R. and Shutt, T. and Silari, M. and Sj\"ostrand, T. and Skands, P. and Skwarnicki, T. and Smith, J. G. and Smoot, G. F. and Spanier, S. and Spieler, H. and Spiering, C. and Stahl, A. and Stone, S. L. and Sumiyoshi, T. and Syphers, M. J. and Terashi, K. and Terning, J. and Thoma, U. and Thorne, R. S. and Tiator, L. and Titov, M. and Tkachenko, N. P. and T\"ornqvist, N. A. and Tovey, D. R. and Valencia, G. and Van de Water, R. and Varelas, N. and Venanzoni, G. and Verde, L. and Vincter, M. G. and Vogel, P. and Vogt, A. and Wakely, S. P. and Walkowiak, W. and Walter, C. W. and Wands, D. and Ward, D. R. and Wascko, M. O. and Weiglein, G. and Weinberg, D. H. and Weinberg, E. J. and White, M. and Wiencke, L. R. and Willocq, S. and Wohl, C. G. and Womersley, J. and Woody, C. L. and Workman, R. L. and Yao, W.-M. and Zeller, G. P. and Zenin, O. V. and Zhu, R.-Y. and Zhu, S.-L. and Zimmermann, F. and Zyla, P. A. and Anderson, J. and Fuller, L. and Lugovsky, V. S. and Schaffner, P.},
  collaboration = {Particle Data Group},
  journal = {Phys. Rev. D},
  volume = {98},
  issue = {3},
  pages = {030001},
  numpages = {1898},
  year = {2018},
  month = {Aug},
  publisher = {American Physical Society},
  doi = {10.1103/PhysRevD.98.030001},
  url = {https://link.aps.org/doi/10.1103/PhysRevD.98.030001}
}

@article{alice,
      author         = "Aamodt, K. et al.",
      title          = "{The ALICE experiment at the CERN LHC}",
      collaboration  = "ALICE",
      journal        = "JINST",
      volume         = "3",
      year           = "2008",
      pages          = "S08002",
      doi            = "10.1088/1748-0221/3/08/S08002",
      SLACcitation   = "%%CITATION = JINST,3,S08002;%%"
}

@article{atlas,
      author         = "Aad, G. et al.",
      title          = "{The ATLAS Experiment at the CERN Large Hadron Collider}",
      collaboration  = "ATLAS",
      journal        = "JINST",
      volume         = "3",
      year           = "2008",
      pages          = "S08003",
      doi            = "10.1088/1748-0221/3/08/S08003",
      SLACcitation   = "%%CITATION = JINST,3,S08003;%%"
}

@article{cms,
      author         = "Chatrchyan, S. et al.",
      title          = "{The CMS Experiment at the CERN LHC}",
      collaboration  = "CMS",
      journal        = "JINST",
      volume         = "3",
      year           = "2008",
      pages          = "S08004",
      doi            = "10.1088/1748-0221/3/08/S08004",
      SLACcitation   = "%%CITATION = JINST,3,S08004;%%"
}

@article{lhcb,
      author         = "Alves, Jr., A. Augusto and others",
      title          = "{The LHCb Detector at the LHC}",
      collaboration  = "LHCb",
      journal        = "JINST",
      volume         = "3",
      year           = "2008",
      pages          = "S08005",
      doi            = "10.1088/1748-0221/3/08/S08005",
      SLACcitation   = "%%CITATION = JINST,3,S08005;%%"
}


@article{amaldi81,
  author =	 {Ugo Amaldi},
  title =	 {Fluctuations in Calorimetry Measurements},
  journal =	 {Physica Scripta},
  volume =	 23,
  number =	 {4A},
  pages =	 {409-424},
  year =	 1981,
  doi =		 {10.1088/0031-8949/23/4a/012},
  url =		 {https://doi.org/10.1088/0031-8949/23/4a/012},
  DATE_ADDED =	 {Mon Mar 4 13:52:49 2019},
}


* Amaldi, U. (1981): Fluctuations in calorimetry measurements
  :PROPERTIES:
  :Custom_ID: amaldi81_fluct_calor_measur
  :END:

@article{fabjan03,
  author =	 {Christian W. Fabjan and Fabiola Gianotti},
  title =	 {Calorimetry for Particle Physics},
  journal =	 {Reviews of Modern Physics},
  volume =	 75,
  number =	 4,
  pages =	 {1243-1286},
  year =	 2003,
  doi =		 {10.1103/revmodphys.75.1243},
  url =		 {https://doi.org/10.1103/revmodphys.75.1243},
  DATE_ADDED =	 {Mon Mar 4 13:55:49 2019},
}


* Fabjan, C. W., & Gianotti, F. (2003): Calorimetry for particle physics
  :PROPERTIES:
  :Custom_ID: fabjan03_calor_partic_physic
  :END:

@article{wigman18,
  author =	 {Richard Wigmans},
  title =	 {Calorimetry - Energy Measurements in Particle
                  Physics, 2nd Edition},
  journal =	 {Contemporary Physics},
  volume =	 59,
  number =	 2,
  pages =	 {226-227},
  year =	 2018,
  doi =		 {10.1080/00107514.2018.1450300},
  url =		 {https://doi.org/10.1080/00107514.2018.1450300},
  DATE_ADDED =	 {Mon Mar 4 13:57:55 2019},
}


* Vogel, M. (2018): Calorimetry - energy measurements in particle physics, 2nd edition, by r. wigmans
  :PROPERTIES:
  :Custom_ID: vogel18_calor_energ_measur_partic_physic
  :END:

@inbook{kolanoski16,
  DATE_ADDED =	 {Mon Mar 4 13:59:46 2019},
  author =	 {Hermann Kolanoski and Norbert Wermes},
  booktitle =	 {Teilchendetektoren},
  doi =		 {10.1007/978-3-662-45350-6_15},
  pages =	 {577-659},
  publisher =	 {Springer Berlin Heidelberg},
  series =	 {Teilchendetektoren},
  title =	 {15 Kalorimeter},
  url =		 {https://doi.org/10.1007/978-3-662-45350-6_15},
  year =	 {2016},
}


@article{sirunyan17,
  author =	 {A.M. Sirunyan and A. Tumasyan and W. Adam and
                  E. Asilar and T. Bergauer and J. Brandstetter and
                  E. Brondolin and M. Dragicevic and J. Er{\"o} and
                  M. Flechl and M. Friedl and R. Fr{\"u}hwirth and
                  V.M. Ghete and C. Hartl and N. H{\"o}rmann and
                  J. Hrubec and M. Jeitler and A. K{\"o}nig and
                  I. Kr{\"a}tschmer and D. Liko and T. Matsushita and
                  I. Mikulec and D. Rabady and N. Rad and B. Rahbaran
                  and H. Rohringer and J. Schieck and J. Strauss and
                  W. Waltenberger and C.-E. Wulz and O. Dvornikov and
                  V. Makarenko and V. Mossolov and J. Suarez Gonzalez
                  and V. Zykunov and N. Shumeiko and S. Alderweireldt
                  and E.A. De Wolf and X. Janssen and J. Lauwers and
                  M. Van De Klundert and H. Van Haevermaet and P. Van
                  Mechelen and N. Van Remortel and A. Van Spilbeeck
                  and S. Abu Zeid and F. Blekman and J. D'Hondt and
                  N. Daci and I. De Bruyn and K. Deroover and
                  S. Lowette and S. Moortgat and L. Moreels and
                  A. Olbrechts and Q. Python and K. Skovpen and
                  S. Tavernier and W. Van Doninck and P. Van Mulders
                  and I. Van Parijs and H. Brun and B. Clerbaux and
                  G. De Lentdecker and H. Delannoy and G. Fasanella
                  and L. Favart and R. Goldouzian and A. Grebenyuk and
                  G. Karapostoli and T. Lenzi and A. L{\'e}onard and
                  J. Luetic and T. Maerschalk and A. Marinov and
                  A. Randle-conde and T. Seva and C. Vander Velde and
                  P. Vanlaer and D. Vannerom and R. Yonamine and
                  F. Zenoni and F. Zhang and T. Cornelis and D. Dobur
                  and A. Fagot and M. Gul and I. Khvastunov and
                  D. Poyraz and S. Salva and R. Sch{\"o}fbeck and
                  M. Tytgat and W. Van Driessche and E. Yazgan and
                  N. Zaganidis and H. Bakhshiansohi and O. Bondu and
                  S. Brochet and G. Bruno and A. Caudron and S. De
                  Visscher and C. Delaere and M. Delcourt and
                  B. Francois and A. Giammanco and A. Jafari and
                  M. Komm and G. Krintiras and V. Lemaitre and
                  A. Magitteri and A. Mertens and M. Musich and
                  K. Piotrzkowski and L. Quertenmont and M. Selvaggi
                  and M. Vidal Marono and S. Wertz and N. Beliy and
                  W.L. Ald{\'a} J{\'u}nior and F.L. Alves and
                  G.A. Alves and L. Brito and C. Hensel and A. Moraes
                  and M.E. Pol and P. Rebello Teles and E. Belchior
                  Batista Das Chagas and W. Carvalho and J. Chinellato
                  and A. Cust{\'o}dio and E.M. Da Costa and G.G. Da
                  Silveira and D. De Jesus Damiao and C. De Oliveira
                  Martins and S. Fonseca De Souza and L.M. Huertas
                  Guativa and H. Malbouisson and D. Matos Figueiredo
                  and C. Mora Herrera and L. Mundim and H. Nogima and
                  W.L. Prado Da Silva and A. Santoro and A. Sznajder
                  and E.J. Tonelli Manganote and F. Torres Da Silva De
                  Araujo and A. Vilela Pereira and S. Ahuja and
                  C.A. Bernardes and S. Dogra and T.R. Fernandez Perez
                  Tomei and E.M. Gregores and P.G. Mercadante and
                  C.S. Moon and S.F. Novaes and Sandra S. Padula and
                  D. Romero Abad and J.C. Ruiz Vargas and
                  A. Aleksandrov and R. Hadjiiska and P. Iaydjiev and
                  M. Rodozov and S. Stoykova and G. Sultanov and
                  M. Vutova and A. Dimitrov and I. Glushkov and
                  L. Litov and B. Pavlov and P. Petkov and W. Fang and
                  M. Ahmad and J.G. Bian and G.M. Chen and H.S. Chen
                  and M. Chen and Y. Chen and T. Cheng and C.H. Jiang
                  and D. Leggat and Z. Liu and F. Romeo and M. Ruan
                  and S.M. Shaheen and A. Spiezia and J. Tao and
                  C. Wang and Z. Wang and H. Zhang and J. Zhao and
                  Y. Ban and G. Chen and Q. Li and S. Liu and Y. Mao
                  and S.J. Qian and D. Wang and Z. Xu and C. Avila and
                  A. Cabrera and L.F. Chaparro Sierra and C. Florez
                  and J.P. Gomez and C.F. Gonz{\'a}lez Hern{\'a}ndez
                  and J.D. Ruiz Alvarez and J.C. Sanabria and
                  N. Godinovic and D. Lelas and I. Puljak and
                  P.M. Ribeiro Cipriano and T. Sculac and Z. Antunovic
                  and M. Kovac and V. Brigljevic and D. Ferencek and
                  K. Kadija and B. Mesic and T. Susa and M.W. Ather
                  and A. Attikis and G. Mavromanolakis and J. Mousa
                  and C. Nicolaou and F. Ptochos and P.A. Razis and
                  H. Rykaczewski and M. Finger and M. Finger Jr. and
                  E. Carrera Jarrin and E. El-khateeb and S. Elgammal
                  and A. Mohamed and M. Kadastik and L. Perrini and
                  M. Raidal and A. Tiko and C. Veelken and P. Eerola
                  and J. Pekkanen and M. Voutilainen and
                  J. H{\"a}rk{\"o}nen and T. J{\"a}rvinen and
                  V. Karim{\"a}ki and R. Kinnunen and T. Lamp{\'e}n
                  and K. Lassila-Perini and S. Lehti and T. Lind{\'e}n
                  and P. Luukka and J. Tuominiemi and E. Tuovinen and
                  L. Wendland and J. Talvitie and T. Tuuva and
                  M. Besancon and F. Couderc and M. Dejardin and
                  D. Denegri and B. Fabbro and J.L. Faure and
                  C. Favaro and F. Ferri and S. Ganjour and S. Ghosh
                  and A. Givernaud and P. Gras and G. Hamel de
                  Monchenault and P. Jarry and I. Kucher and E. Locci
                  and M. Machet and J. Malcles and J. Rander and
                  A. Rosowsky and M. Titov and A. Abdulsalam and
                  I. Antropov and S. Baffioni and F. Beaudette and
                  P. Busson and L. Cadamuro and E. Chapon and
                  C. Charlot and O. Davignon and R. Granier de
                  Cassagnac and M. Jo and S. Lisniak and P. Min{\'e}
                  and M. Nguyen and C. Ochando and G. Ortona and
                  P. Paganini and P. Pigard and S. Regnard and
                  R. Salerno and Y. Sirois and A.G. Stahl Leiton and
                  T. Strebler and Y. Yilmaz and A. Zabi and A. Zghiche
                  and J.-L. Agram and J. Andrea and D. Bloch and
                  J.-M. Brom and M. Buttignol and E.C. Chabert and
                  N. Chanon and C. Collard and E. Conte and X. Coubez
                  and J.-C. Fontaine and D. Gel{\'e} and U. Goerlach
                  and A.-C. Le Bihan and P. Van Hove and S. Gadrat and
                  S. Beauceron and C. Bernet and G. Boudoul and
                  C.A. Carrillo Montoya and R. Chierici and
                  D. Contardo and B. Courbon and P. Depasse and H. El
                  Mamouni and J. Fay and S. Gascon and M. Gouzevitch
                  and G. Grenier and B. Ille and F. Lagarde and
                  I.B. Laktineh and M. Lethuillier and L. Mirabito and
                  A.L. Pequegnot and S. Perries and A. Popov and
                  V. Sordini and M. Vander Donckt and P. Verdier and
                  S. Viret and T. Toriashvili and Z. Tsamalaidze and
                  C. Autermann and S. Beranek and L. Feld and
                  M.K. Kiesel and K. Klein and M. Lipinski and
                  M. Preuten and C. Schomakers and J. Schulz and
                  T. Verlage and A. Albert and M. Brodski and
                  E. Dietz-Laursonn and D. Duchardt and M. Endres and
                  M. Erdmann and S. Erdweg and T. Esch and R. Fischer
                  and A. G{\"u}th and M. Hamer and T. Hebbeker and
                  C. Heidemann and K. Hoepfner and S. Knutzen and
                  M. Merschmeyer and A. Meyer and P. Millet and
                  S. Mukherjee and M. Olschewski and K. Padeken and
                  T. Pook and M. Radziej and H. Reithler and M. Rieger
                  and F. Scheuch and L. Sonnenschein and D. Teyssier
                  and S. Th{\"u}er and V. Cherepanov and G. Fl{\"u}gge
                  and B. Kargoll and T. Kress and A. K{\"u}nsken and
                  J. Lingemann and T. M{\"u}ller and A. Nehrkorn and
                  A. Nowack and C. Pistone and O. Pooth and A. Stahl
                  and M. Aldaya Martin and T. Arndt and
                  C. Asawatangtrakuldee and K. Beernaert and O. Behnke
                  and U. Behrens and A.A. Bin Anuar and K. Borras and
                  A. Campbell and P. Connor and C. Contreras-Campana
                  and F. Costanza and C. Diez Pardos and G. Dolinska
                  and G. Eckerlin and D. Eckstein and T. Eichhorn and
                  E. Eren and E. Gallo and J. Garay Garcia and
                  A. Geiser and A. Gizhko and J.M. Grados Luyando and
                  A. Grohsjean and P. Gunnellini and A. Harb and
                  J. Hauk and M. Hempel and H. Jung and
                  A. Kalogeropoulos and O. Karacheban and M. Kasemann
                  and J. Keaveney and C. Kleinwort and I. Korol and
                  D. Kr{\"u}cker and W. Lange and A. Lelek and T. Lenz
                  and J. Leonard and K. Lipka and A. Lobanov and
                  W. Lohmann and R. Mankel and I.-A. Melzer-Pellmann
                  and A.B. Meyer and G. Mittag and J. Mnich and
                  A. Mussgiller and D. Pitzl and R. Placakyte and
                  A. Raspereza and B. Roland and M.{\"O}. Sahin and
                  P. Saxena and T. Schoerner-Sadenius and S. Spannagel
                  and N. Stefaniuk and G.P. Van Onsem and R. Walsh and
                  C. Wissing and V. Blobel and M. Centis Vignali and
                  A.R. Draeger and T. Dreyer and E. Garutti and
                  D. Gonzalez and J. Haller and M. Hoffmann and
                  A. Junkes and R. Klanner and R. Kogler and
                  N. Kovalchuk and S. Kurz and T. Lapsien and
                  I. Marchesini and D. Marconi and M. Meyer and
                  M. Niedziela and D. Nowatschin and F. Pantaleo and
                  T. Peiffer and A. Perieanu and C. Scharf and
                  P. Schleper and A. Schmidt and S. Schumann and
                  J. Schwandt and J. Sonneveld and H. Stadie and
                  G. Steinbr{\"u}ck and F.M. Stober and M. St{\"o}ver
                  and H. Tholen and D. Troendle and E. Usai and
                  L. Vanelderen and A. Vanhoefer and B. Vormwald and
                  M. Akbiyik and C. Barth and S. Baur and C. Baus and
                  J. Berger and E. Butz and R. Caspart and T. Chwalek
                  and F. Colombo and W. De Boer and A. Dierlamm and
                  S. Fink and B. Freund and R. Friese and M. Giffels
                  and A. Gilbert and P. Goldenzweig and D. Haitz and
                  F. Hartmann and S.M. Heindl and U. Husemann and
                  F. Kassel and I. Katkov and S. Kudella and
                  H. Mildner and M.U. Mozer and Th. M{\"u}ller and
                  M. Plagge and G. Quast and K. Rabbertz and
                  S. R{\"o}cker and F. Roscher and M. Schr{\"o}der and
                  I. Shvetsov and G. Sieber and H.J. Simonis and
                  R. Ulrich and S. Wayand and M. Weber and T. Weiler
                  and S. Williamson and C. W{\"o}hrmann and R. Wolf
                  and G. Anagnostou and G. Daskalakis and T. Geralis
                  and V.A. Giakoumopoulou and A. Kyriakis and
                  D. Loukas and I. Topsis-Giotis and S. Kesisoglou and
                  A. Panagiotou and N. Saoulidou and E. Tziaferi and
                  I. Evangelou and G. Flouris and C. Foudas and
                  P. Kokkas and N. Loukas and N. Manthos and
                  I. Papadopoulos and E. Paradas and N. Filipovic and
                  G. Pasztor and G. Bencze and C. Hajdu and D. Horvath
                  and F. Sikler and V. Veszpremi and G. Vesztergombi
                  and A.J. Zsigmond and N. Beni and S. Czellar and
                  J. Karancsi and A. Makovec and J. Molnar and
                  Z. Szillasi and M. Bart{\'o}k and P. Raics and
                  Z.L. Trocsanyi and B. Ujvari and S. Choudhury and
                  J.R. Komaragiri and S. Bahinipati and S. Bhowmik and
                  P. Mal and K. Mandal and A. Nayak and D.K. Sahoo and
                  N. Sahoo and S.K. Swain and S. Bansal and S.B. Beri
                  and V. Bhatnagar and U. Bhawandeep and R. Chawla and
                  A.K. Kalsi and A. Kaur and M. Kaur and R. Kumar and
                  P. Kumari and A. Mehta and M. Mittal and J.B. Singh
                  and G. Walia and Ashok Kumar and A. Bhardwaj and
                  B.C. Choudhary and R.B. Garg and S. Keshri and
                  A. Kumar and S. Malhotra and M. Naimuddin and
                  K. Ranjan and R. Sharma and V. Sharma and
                  R. Bhattacharya and S. Bhattacharya and
                  K. Chatterjee and S. Dey and S. Dutt and S. Dutta
                  and S. Ghosh and N. Majumdar and A. Modak and
                  K. Mondal and S. Mukhopadhyay and S. Nandan and
                  A. Purohit and A. Roy and D. Roy and S. Roy
                  Chowdhury and S. Sarkar and M. Sharan and S. Thakur
                  and P.K. Behera and R. Chudasama and D. Dutta and
                  V. Jha and V. Kumar and A.K. Mohanty and
                  P.K. Netrakanti and L.M. Pant and P. Shukla and
                  A. Topkar and T. Aziz and S. Dugad and G. Kole and
                  B. Mahakud and S. Mitra and G.B. Mohanty and
                  B. Parida and N. Sur and B. Sutar and S. Banerjee
                  and R.K. Dewanjee and S. Ganguly and M. Guchait and
                  Sa. Jain and S. Kumar and M. Maity and G. Majumder
                  and K. Mazumdar and T. Sarkar and N. Wickramage and
                  S. Chauhan and S. Dube and V. Hegde and A. Kapoor
                  and K. Kothekar and S. Pandey and A. Rane and
                  S. Sharma and S. Chenarani and E. Eskandari Tadavani
                  and S.M. Etesami and M. Khakzad and M. Mohammadi
                  Najafabadi and M. Naseri and S. Paktinat Mehdiabadi
                  and F. Rezaei Hosseinabadi and B. Safarzadeh and
                  M. Zeinali and M. Felcini and M. Grunewald and
                  M. Abbrescia and C. Calabria and C. Caputo and
                  A. Colaleo and D. Creanza and L. Cristella and N. De
                  Filippis and M. De Palma and L. Fiore and G. Iaselli
                  and G. Maggi and M. Maggi and G. Miniello and S. My
                  and S. Nuzzo and A. Pompili and G. Pugliese and
                  R. Radogna and A. Ranieri and G. Selvaggi and
                  A. Sharma and L. Silvestris and R. Venditti and
                  P. Verwilligen and G. Abbiendi and C. Battilana and
                  D. Bonacorsi and S. Braibant-Giacomelli and
                  L. Brigliadori and R. Campanini and P. Capiluppi and
                  A. Castro and F.R. Cavallo and S.S. Chhibra and
                  G. Codispoti and M. Cuffiani and G.M. Dallavalle and
                  F. Fabbri and A. Fanfani and D. Fasanella and
                  P. Giacomelli and C. Grandi and L. Guiducci and
                  S. Marcellini and G. Masetti and A. Montanari and
                  F.L. Navarria and A. Perrotta and A.M. Rossi and
                  T. Rovelli and G.P. Siroli and N. Tosi and
                  S. Albergo and S. Costa and A. Di Mattia and
                  F. Giordano and R. Potenza and A. Tricomi and
                  C. Tuve and G. Barbagli and V. Ciulli and
                  C. Civinini and R. D'Alessandro and E. Focardi and
                  P. Lenzi and M. Meschini and S. Paoletti and
                  L. Russo and G. Sguazzoni and D. Strom and
                  L. Viliani and L. Benussi and S. Bianco and
                  F. Fabbri and D. Piccolo and F. Primavera and
                  V. Calvelli and F. Ferro and M.R. Monge and
                  E. Robutti and S. Tosi and L. Brianza and F. Brivio
                  and V. Ciriolo and M.E. Dinardo and S. Fiorendi and
                  S. Gennai and A. Ghezzi and P. Govoni and
                  M. Malberti and S. Malvezzi and R.A. Manzoni and
                  D. Menasce and L. Moroni and M. Paganoni and
                  D. Pedrini and S. Pigazzini and S. Ragazzi and
                  T. Tabarelli de Fatis and S. Buontempo and
                  N. Cavallo and G. De Nardo and S. Di Guida and
                  M. Esposito and F. Fabozzi and F. Fienga and
                  A.O.M. Iorio and G. Lanza and L. Lista and S. Meola
                  and P. Paolucci and C. Sciacca and F. Thyssen and
                  P. Azzi and N. Bacchetta and L. Benato and
                  D. Bisello and A. Boletti and R. Carlin and
                  A. Carvalho Antunes De Oliveira and P. Checchia and
                  M. Dall'Osso and P. De Castro Manzano and T. Dorigo
                  and A. Gozzelino and S. Lacaprara and M. Margoni and
                  A.T. Meneguzzo and M. Passaseo and J. Pazzini and
                  N. Pozzobon and P. Ronchese and R. Rossin and
                  F. Simonetto and E. Torassa and S. Ventura and
                  M. Zanetti and P. Zotto and G. Zumerle and
                  A. Braghieri and F. Fallavollita and A. Magnani and
                  P. Montagna and S.P. Ratti and V. Re and
                  M. Ressegotti and C. Riccardi and P. Salvini and
                  I. Vai and P. Vitulo and L. Alunni Solestizi and
                  G.M. Bilei and D. Ciangottini and L. Fanò and
                  P. Lariccia and R. Leonardi and G. Mantovani and
                  V. Mariani and M. Menichelli and A. Saha and
                  A. Santocchia and K. Androsov and P. Azzurri and
                  G. Bagliesi and J. Bernardini and T. Boccali and
                  R. Castaldi and M.A. Ciocci and R. Dell'Orso and
                  G. Fedi and A. Giassi and M.T. Grippo and F. Ligabue
                  and T. Lomtadze and L. Martini and A. Messineo and
                  F. Palla and A. Rizzi and A. Savoy-Navarro and
                  P. Spagnolo and R. Tenchini and G. Tonelli and
                  A. Venturi and P.G. Verdini and L. Barone and
                  F. Cavallari and M. Cipriani and D. Del Re and
                  M. Diemoz and S. Gelli and E. Longo and F. Margaroli
                  and B. Marzocchi and P. Meridiani and G. Organtini
                  and R. Paramatti and F. Preiato and S. Rahatlou and
                  C. Rovelli and F. Santanastasio and N. Amapane and
                  R. Arcidiacono and S. Argiro and M. Arneodo and
                  N. Bartosik and R. Bellan and C. Biino and
                  N. Cartiglia and F. Cenna and M. Costa and
                  R. Covarelli and A. Degano and N. Demaria and
                  L. Finco and B. Kiani and C. Mariotti and S. Maselli
                  and E. Migliore and V. Monaco and E. Monteil and
                  M. Monteno and M.M. Obertino and L. Pacher and
                  N. Pastrone and M. Pelliccioni and G.L. Pinna
                  Angioni and F. Ravera and A. Romero and M. Ruspa and
                  R. Sacchi and K. Shchelina and V. Sola and A. Solano
                  and A. Staiano and P. Traczyk and S. Belforte and
                  M. Casarsa and F. Cossutti and G. Della Ricca and
                  A. Zanetti and D.H. Kim and G.N. Kim and M.S. Kim
                  and S. Lee and S.W. Lee and Y.D. Oh and S. Sekmen
                  and D.C. Son and Y.C. Yang and A. Lee and H. Kim and
                  J.A. Brochero Cifuentes and T.J. Kim and S. Cho and
                  S. Choi and Y. Go and D. Gyun and S. Ha and B. Hong
                  and Y. Jo and Y. Kim and K. Lee and K.S. Lee and
                  S. Lee and J. Lim and S.K. Park and Y. Roh and
                  J. Almond and J. Kim and H. Lee and S.B. Oh and
                  B.C. Radburn-Smith and S.h. Seo and U.K. Yang and
                  H.D. Yoo and G.B. Yu and M. Choi and H. Kim and
                  J.H. Kim and J.S.H. Lee and I.C. Park and G. Ryu and
                  M.S. Ryu and Y. Choi and J. Goh and C. Hwang and
                  J. Lee and I. Yu and V. Dudenas and A. Juodagalvis
                  and J. Vaitkus and I. Ahmed and Z.A. Ibrahim and
                  M.A.B. Md Ali and F. Mohamad Idris and W.A.T. Wan
                  Abdullah and M.N. Yusli and Z. Zolkapli and
                  H. Castilla-Valdez and E. De La Cruz-Burelo and
                  I. Heredia-De La Cruz and A. Hernandez-Almada and
                  R. Lopez-Fernandez and R. Maga{\~n}a Villalba and
                  J. Mejia Guisao and A. Sanchez-Hernandez and
                  S. Carrillo Moreno and C. Oropeza Barrera and
                  F. Vazquez Valencia and S. Carpinteyro and
                  I. Pedraza and H.A. Salazar Ibarguen and C. Uribe
                  Estrada and A. Morelos Pineda and D. Krofcheck and
                  P.H. Butler and A. Ahmad and M. Ahmad and Q. Hassan
                  and H.R. Hoorani and W.A. Khan and A. Saddique and
                  M.A. Shah and M. Shoaib and M. Waqas and
                  H. Bialkowska and M. Bluj and B. Boimska and
                  T. Frueboes and M. G{\'o}rski and M. Kazana and
                  K. Nawrocki and K. Romanowska-Rybinska and
                  M. Szleper and P. Zalewski and K. Bunkowski and
                  A. Byszuk and K. Doroba and A. Kalinowski and
                  M. Konecki and J. Krolikowski and M. Misiura and
                  M. Olszewski and M. Walczak and P. Bargassa and
                  C. Beirão Da Cruz E Silva and B. Calpas and A. Di
                  Francesco and P. Faccioli and M. Gallinaro and
                  J. Hollar and N. Leonardo and L. Lloret Iglesias and
                  M.V. Nemallapudi and J. Seixas and O. Toldaiev and
                  D. Vadruccio and J. Varela and S. Afanasiev and
                  P. Bunin and M. Gavrilenko and I. Golutvin and
                  I. Gorbunov and A. Kamenev and V. Karjavin and
                  A. Lanev and A. Malakhov and V. Matveev and
                  V. Palichik and V. Perelygin and S. Shmatov and
                  S. Shulha and N. Skatchkov and V. Smirnov and
                  N. Voytishin and A. Zarubin and L. Chtchipounov and
                  V. Golovtsov and Y. Ivanov and V. Kim and
                  E. Kuznetsova and V. Murzin and V. Oreshkin and
                  V. Sulimov and A. Vorobyev and Yu. Andreev and
                  A. Dermenev and S. Gninenko and N. Golubev and
                  A. Karneyeu and M. Kirsanov and N. Krasnikov and
                  A. Pashenkov and D. Tlisov and A. Toropin and
                  V. Epshteyn and V. Gavrilov and N. Lychkovskaya and
                  V. Popov and I. Pozdnyakov and G. Safronov and
                  A. Spiridonov and M. Toms and E. Vlasov and
                  A. Zhokin and T. Aushev and A. Bylinkin and
                  M. Chadeeva and O. Markin and E. Tarkovskii and
                  V. Andreev and M. Azarkin and I. Dremin and
                  M. Kirakosyan and A. Leonidov and A. Terkulov and
                  A. Baskakov and A. Belyaev and E. Boos and
                  M. Dubinin and L. Dudko and A. Ershov and
                  A. Gribushin and A. Kaminskiy and V. Klyukhin and
                  O. Kodolova and I. Lokhtin and I. Miagkov and
                  S. Obraztsov and S. Petrushanko and V. Savrin and
                  V. Blinov and Y. Skovpen and D. Shtol and
                  I. Azhgirey and I. Bayshev and S. Bitioukov and
                  D. Elumakhov and V. Kachanov and A. Kalinin and
                  D. Konstantinov and V. Krychkine and V. Petrov and
                  R. Ryutin and A. Sobol and S. Troshin and N. Tyurin
                  and A. Uzunian and A. Volkov and P. Adzic and
                  P. Cirkovic and D. Devetak and M. Dordevic and
                  J. Milosevic and V. Rekovic and J. Alcaraz Maestre
                  and M. Barrio Luna and E. Calvo and M. Cerrada and
                  M. Chamizo Llatas and N. Colino and B. De La Cruz
                  and A. Delgado Peris and A. Escalante Del Valle and
                  C. Fernandez Bedoya and J.P. Fern{\'a}ndez Ramos and
                  J. Flix and M.C. Fouz and P. Garcia-Abia and
                  O. Gonzalez Lopez and S. Goy Lopez and
                  J.M. Hernandez and M.I. Josa and E. Navarro De
                  Martino and A. P{\'e}rez-Calero Yzquierdo and
                  J. Puerta Pelayo and A. Quintario Olmeda and
                  I. Redondo and L. Romero and M.S. Soares and J.F. de
                  Troc{\'o}niz and M. Missiroli and D. Moran and
                  J. Cuevas and C. Erice and J. Fernandez Menendez and
                  I. Gonzalez Caballero and J.R. Gonz{\'a}lez
                  Fern{\'a}ndez and E. Palencia Cortezon and
                  S. Sanchez Cruz and I. Su{\'a}rez Andr{\'e}s and
                  P. Vischia and J.M. Vizan Garcia and I.J. Cabrillo
                  and A. Calderon and E. Curras and M. Fernandez and
                  J. Garcia-Ferrero and G. Gomez and A. Lopez Virto
                  and J. Marco and C. Martinez Rivero and F. Matorras
                  and J. Piedra Gomez and T. Rodrigo and
                  A. Ruiz-Jimeno and L. Scodellaro and N. Trevisani
                  and I. Vila and R. Vilar Cortabitarte and D. Abbaneo
                  and E. Auffray and G. Auzinger and P. Baillon and
                  A.H. Ball and D. Barney and P. Bloch and A. Bocci
                  and C. Botta and T. Camporesi and R. Castello and
                  M. Cepeda and G. Cerminara and Y. Chen and
                  A. Cimmino and D. d'Enterria and A. Dabrowski and
                  V. Daponte and A. David and M. De Gruttola and A. De
                  Roeck and E. Di Marco and M. Dobson and B. Dorney
                  and T. du Pree and D. Duggan and M. D{\"u}nser and
                  N. Dupont and A. Elliott-Peisert and P. Everaerts
                  and S. Fartoukh and G. Franzoni and J. Fulcher and
                  W. Funk and D. Gigi and K. Gill and M. Girone and
                  F. Glege and D. Gulhan and S. Gundacker and
                  M. Guthoff and P. Harris and J. Hegeman and
                  V. Innocente and P. Janot and J. Kieseler and
                  H. Kirschenmann and V. Kn{\"u}nz and A. Kornmayer
                  and M.J. Kortelainen and K. Kousouris and M. Krammer
                  and C. Lange and P. Lecoq and C. Louren{\c{c}}o and
                  M.T. Lucchini and L. Malgeri and M. Mannelli and
                  A. Martelli and F. Meijers and J.A. Merlin and
                  S. Mersi and E. Meschi and P. Milenovic and
                  F. Moortgat and S. Morovic and M. Mulders and
                  H. Neugebauer and S. Orfanelli and L. Orsini and
                  L. Pape and E. Perez and M. Peruzzi and A. Petrilli
                  and G. Petrucciani and A. Pfeiffer and M. Pierini
                  and A. Racz and T. Reis and G. Rolandi and M. Rovere
                  and H. Sakulin and J.B. Sauvan and C. Sch{\"a}fer
                  and C. Schwick and M. Seidel and A. Sharma and
                  P. Silva and P. Sphicas and J. Steggemann and
                  M. Stoye and Y. Takahashi and M. Tosi and D. Treille
                  and A. Triossi and A. Tsirou and V. Veckalns and
                  G.I. Veres and M. Verweij and N. Wardle and
                  H.K. W{\"o}hri and A. Zagozdzinska and W.D. Zeuner
                  and W. Bertl and K. Deiters and W. Erdmann and
                  R. Horisberger and Q. Ingram and H.C. Kaestli and
                  D. Kotlinski and U. Langenegger and T. Rohe and
                  S.A. Wiederkehr and F. Bachmair and L. B{\"a}ni and
                  L. Bianchini and B. Casal and G. Dissertori and
                  M. Dittmar and M. Doneg{\`a} and C. Grab and
                  C. Heidegger and D. Hits and J. Hoss and
                  G. Kasieczka and W. Lustermann and B. Mangano and
                  M. Marionneau and P. Martinez Ruiz del Arbol and
                  M. Masciovecchio and M.T. Meinhard and D. Meister
                  and F. Micheli and P. Musella and F. Nessi-Tedaldi
                  and F. Pandolfi and J. Pata and F. Pauss and
                  G. Perrin and L. Perrozzi and M. Quittnat and
                  M. Rossini and M. Sch{\"o}nenberger and
                  A. Starodumov and V.R. Tavolaro and K. Theofilatos
                  and R. Wallny and T.K. Aarrestad and C. Amsler and
                  L. Caminada and M.F. Canelli and A. De Cosa and
                  S. Donato and C. Galloni and A. Hinzmann and
                  T. Hreus and B. Kilminster and J. Ngadiuba and
                  D. Pinna and G. Rauco and P. Robmann and D. Salerno
                  and C. Seitz and Y. Yang and A. Zucchetta and
                  V. Candelise and T.H. Doan and Sh. Jain and
                  R. Khurana and M. Konyushikhin and C.M. Kuo and
                  W. Lin and A. Pozdnyakov and S.S. Yu and Arun Kumar
                  and P. Chang and Y.H. Chang and Y. Chao and
                  K.F. Chen and P.H. Chen and F. Fiori and W.-S. Hou
                  and Y. Hsiung and Y.F. Liu and R.-S. Lu and
                  M. Mi{\~n}ano Moya and E. Paganis and A. Psallidas
                  and J.f. Tsai and B. Asavapibhop and G. Singh and
                  N. Srimanobhas and N. Suwonjandee and A. Adiguzel
                  and S. Damarseckin and Z.S. Demiroglu and C. Dozen
                  and E. Eskut and S. Girgis and G. Gokbulut and
                  Y. Guler and I. Hos and E.E. Kangal and O. Kara and
                  A. Kayis Topaksu and U. Kiminsu and M. Oglakci and
                  G. Onengut and K. Ozdemir and S. Ozturk and
                  A. Polatoz and B. Tali and S. Turkcapar and
                  I.S. Zorbakir and C. Zorbilmez and B. Bilin and
                  S. Bilmis and B. Isildak and G. Karapinar and
                  M. Yalvac and M. Zeyrek and E. G{\"u}lmez and
                  M. Kaya and O. Kaya and E.A. Yetkin and T. Yetkin
                  and A. Cakir and K. Cankocak and S. Sen and
                  B. Grynyov and L. Levchuk and P. Sorokin and
                  R. Aggleton and F. Ball and L. Beck and J.J. Brooke
                  and D. Burns and E. Clement and D. Cussans and
                  H. Flacher and J. Goldstein and M. Grimes and
                  G.P. Heath and H.F. Heath and J. Jacob and
                  L. Kreczko and C. Lucas and D.M. Newbold and
                  S. Paramesvaran and A. Poll and T. Sakuma and
                  S. Seif El Nasr-storey and D. Smith and V.J. Smith
                  and K.W. Bell and A. Belyaev and C. Brew and
                  R.M. Brown and L. Calligaris and D. Cieri and
                  D.J.A. Cockerill and J.A. Coughlan and K. Harder and
                  S. Harper and E. Olaiya and D. Petyt and
                  C.H. Shepherd-Themistocleous and A. Thea and
                  I.R. Tomalin and T. Williams and M. Baber and
                  R. Bainbridge and O. Buchmuller and A. Bundock and
                  S. Casasso and M. Citron and D. Colling and L. Corpe
                  and P. Dauncey and G. Davies and A. De Wit and
                  M. Della Negra and R. Di Maria and P. Dunne and
                  A. Elwood and D. Futyan and Y. Haddad and G. Hall
                  and G. Iles and T. James and R. Lane and C. Laner
                  and L. Lyons and A.-M. Magnan and S. Malik and
                  L. Mastrolorenzo and J. Nash and A. Nikitenko and
                  J. Pela and B. Penning and M. Pesaresi and
                  D.M. Raymond and A. Richards and A. Rose and
                  E. Scott and C. Seez and S. Summers and A. Tapper
                  and K. Uchida and M. Vazquez Acosta and T. Virdee
                  and J. Wright and S.C. Zenz and J.E. Cole and
                  P.R. Hobson and A. Khan and P. Kyberd and I.D. Reid
                  and P. Symonds and L. Teodorescu and M. Turner and
                  A. Borzou and K. Call and J. Dittmann and
                  K. Hatakeyama and H. Liu and N. Pastika and
                  R. Bartek and A. Dominguez and A. Buccilli and
                  S.I. Cooper and C. Henderson and P. Rumerio and
                  C. West and D. Arcaro and A. Avetisyan and T. Bose
                  and D. Gastler and D. Rankin and C. Richardson and
                  J. Rohlf and L. Sulak and D. Zou and G. Benelli and
                  D. Cutts and A. Garabedian and J. Hakala and
                  U. Heintz and J.M. Hogan and O. Jesus and
                  K.H.M. Kwok and E. Laird and G. Landsberg and Z. Mao
                  and M. Narain and S. Piperov and S. Sagir and
                  E. Spencer and R. Syarif and R. Breedon and D. Burns
                  and M. Calderon De La Barca Sanchez and S. Chauhan
                  and M. Chertok and J. Conway and R. Conway and
                  P.T. Cox and R. Erbacher and C. Flores and G. Funk
                  and M. Gardner and W. Ko and R. Lander and C. Mclean
                  and M. Mulhearn and D. Pellett and J. Pilot and
                  S. Shalhout and M. Shi and J. Smith and M. Squires
                  and D. Stolp and K. Tos and M. Tripathi and
                  M. Bachtis and C. Bravo and R. Cousins and
                  A. Dasgupta and A. Florent and J. Hauser and
                  M. Ignatenko and N. Mccoll and D. Saltzberg and
                  C. Schnaible and V. Valuev and M. Weber and
                  E. Bouvier and K. Burt and R. Clare and J. Ellison
                  and J.W. Gary and S.M.A. Ghiasi Shirazi and
                  G. Hanson and J. Heilman and P. Jandir and
                  E. Kennedy and F. Lacroix and O.R. Long and
                  M. Olmedo Negrete and M.I. Paneva and A. Shrinivas
                  and W. Si and H. Wei and S. Wimpenny and B. R. Yates
                  and J.G. Branson and G.B. Cerati and S. Cittolin and
                  M. Derdzinski and R. Gerosa and A. Holzner and
                  D. Klein and V. Krutelyov and J. Letts and
                  I. Macneill and D. Olivito and S. Padhi and M. Pieri
                  and M. Sani and V. Sharma and S. Simon and M. Tadel
                  and A. Vartak and S. Wasserbaech and C. Welke and
                  J. Wood and F. W{\"u}rthwein and A. Yagil and
                  G. Zevi Della Porta and N. Amin and R. Bhandari and
                  J. Bradmiller-Feld and C. Campagnari and A. Dishaw
                  and V. Dutta and M. Franco Sevilla and C. George and
                  F. Golf and L. Gouskos and J. Gran and R. Heller and
                  J. Incandela and S.D. Mullin and A. Ovcharova and
                  H. Qu and J. Richman and D. Stuart and I. Suarez and
                  J. Yoo and D. Anderson and J. Bendavid and
                  A. Bornheim and J. Bunn and J. Duarte and
                  J.M. Lawhorn and A. Mott and H.B. Newman and C. Pena
                  and M. Spiropulu and J.R. Vlimant and S. Xie and
                  R.Y. Zhu and M.B. Andrews and T. Ferguson and
                  M. Paulini and J. Russ and M. Sun and H. Vogel and
                  I. Vorobiev and M. Weinberg and J.P. Cumalat and
                  W.T. Ford and F. Jensen and A. Johnson and M. Krohn
                  and S. Leontsinis and T. Mulholland and K. Stenson
                  and S.R. Wagner and J. Alexander and J. Chaves and
                  J. Chu and S. Dittmer and K. Mcdermott and N. Mirman
                  and J.R. Patterson and A. Rinkevicius and A. Ryd and
                  L. Skinnari and L. Soffi and S.M. Tan and Z. Tao and
                  J. Thom and J. Tucker and P. Wittich and M. Zientek
                  and D. Winn and S. Abdullin and M. Albrow and
                  G. Apollinari and A. Apresyan and S. Banerjee and
                  L.A.T. Bauerdick and A. Beretvas and J. Berryhill
                  and P.C. Bhat and G. Bolla and K. Burkett and
                  J.N. Butler and H.W.K. Cheung and F. Chlebana and
                  S. Cihangir and M. Cremonesi and V.D. Elvira and
                  I. Fisk and J. Freeman and E. Gottschalk and L. Gray
                  and D. Green and S. Gr{\"u}nendahl and O. Gutsche
                  and D. Hare and R.M. Harris and S. Hasegawa and
                  J. Hirschauer and Z. Hu and B. Jayatilaka and
                  S. Jindariani and M. Johnson and U. Joshi and
                  B. Klima and B. Kreis and S. Lammel and J. Linacre
                  and D. Lincoln and R. Lipton and M. Liu and T. Liu
                  and R. Lopes De S{\'a} and J. Lykken and K. Maeshima
                  and N. Magini and J.M. Marraffino and S. Maruyama
                  and D. Mason and P. McBride and P. Merkel and
                  S. Mrenna and S. Nahn and V. O'Dell and K. Pedro and
                  O. Prokofyev and G. Rakness and L. Ristori and
                  E. Sexton-Kennedy and A. Soha and W.J. Spalding and
                  L. Spiegel and S. Stoynev and J. Strait and
                  N. Strobbe and L. Taylor and S. Tkaczyk and
                  N.V. Tran and L. Uplegger and E.W. Vaandering and
                  C. Vernieri and M. Verzocchi and R. Vidal and
                  M. Wang and H.A. Weber and A. Whitbeck and Y. Wu and
                  D. Acosta and P. Avery and P. Bortignon and
                  D. Bourilkov and A. Brinkerhoff and A. Carnes and
                  M. Carver and D. Curry and S. Das and R.D. Field and
                  I.K. Furic and J. Konigsberg and A. Korytov and
                  J.F. Low and P. Ma and K. Matchev and H. Mei and
                  G. Mitselmakher and D. Rank and L. Shchutska and
                  D. Sperka and L. Thomas and J. Wang and S. Wang and
                  J. Yelton and S. Linn and P. Markowitz and
                  G. Martinez and J.L. Rodriguez and A. Ackert and
                  T. Adams and A. Askew and S. Bein and S. Hagopian
                  and V. Hagopian and K.F. Johnson and T. Kolberg and
                  T. Perry and H. Prosper and A. Santra and R. Yohay
                  and M.M. Baarmand and V. Bhopatkar and
                  S. Colafranceschi and M. Hohlmann and D. Noonan and
                  T. Roy and F. Yumiceva and M.R. Adams and
                  L. Apanasevich and D. Berry and R.R. Betts and
                  R. Cavanaugh and X. Chen and O. Evdokimov and
                  C.E. Gerber and D.A. Hangal and D.J. Hofman and
                  K. Jung and J. Kamin and I.D. Sandoval Gonzalez and
                  H. Trauger and N. Varelas and H. Wang and Z. Wu and
                  M. Zakaria and J. Zhang and B. Bilki and W. Clarida
                  and K. Dilsiz and S. Durgut and R.P. Gandrajula and
                  M. Haytmyradov and V. Khristenko and J.-P. Merlo and
                  H. Mermerkaya and A. Mestvirishvili and A. Moeller
                  and J. Nachtman and H. Ogul and Y. Onel and F. Ozok
                  and A. Penzo and C. Snyder and E. Tiras and
                  J. Wetzel and K. Yi and B. Blumenfeld and A. Cocoros
                  and N. Eminizer and D. Fehling and L. Feng and
                  A.V. Gritsan and P. Maksimovic and J. Roskes and
                  U. Sarica and M. Swartz and M. Xiao and C. You and
                  A. Al-bataineh and P. Baringer and A. Bean and
                  S. Boren and J. Bowen and J. Castle and L. Forthomme
                  and S. Khalil and A. Kropivnitskaya and D. Majumder
                  and W. Mcbrayer and M. Murray and S. Sanders and
                  R. Stringer and J.D. Tapia Takaki and Q. Wang and
                  A. Ivanov and K. Kaadze and Y. Maravin and
                  A. Mohammadi and L.K. Saini and N. Skhirtladze and
                  S. Toda and F. Rebassoo and D. Wright and C. Anelli
                  and A. Baden and O. Baron and A. Belloni and
                  B. Calvert and S.C. Eno and C. Ferraioli and
                  J.A. Gomez and N.J. Hadley and S. Jabeen and
                  G.Y. Jeng and R.G. Kellogg and J. Kunkle and
                  A.C. Mignerey and F. Ricci-Tam and Y.H. Shin and
                  A. Skuja and M.B. Tonjes and S.C. Tonwar and
                  D. Abercrombie and B. Allen and A. Apyan and
                  V. Azzolini and R. Barbieri and A. Baty and R. Bi
                  and K. Bierwagen and S. Brandt and W. Busza and
                  I.A. Cali and M. D'Alfonso and Z. Demiragli and
                  G. Gomez Ceballos and M. Goncharov and D. Hsu and
                  Y. Iiyama and G.M. Innocenti and M. Klute and
                  D. Kovalskyi and K. Krajczar and Y.S. Lai and
                  Y.-J. Lee and A. Levin and P.D. Luckey and B. Maier
                  and A.C. Marini and C. Mcginn and C. Mironov and
                  S. Narayanan and X. Niu and C. Paus and C. Roland
                  and G. Roland and J. Salfeld-Nebgen and
                  G.S.F. Stephans and K. Tatar and D. Velicanu and
                  J. Wang and T.W. Wang and B. Wyslouch and
                  A.C. Benvenuti and R.M. Chatterjee and A. Evans and
                  P. Hansen and S. Kalafut and S.C. Kao and Y. Kubota
                  and Z. Lesko and J. Mans and S. Nourbakhsh and
                  N. Ruckstuhl and R. Rusack and N. Tambe and
                  J. Turkewitz and J.G. Acosta and S. Oliveros and
                  E. Avdeeva and K. Bloom and D.R. Claes and
                  C. Fangmeier and R. Gonzalez Suarez and
                  R. Kamalieddin and I. Kravchenko and A. Malta
                  Rodrigues and J. Monroy and J.E. Siado and G.R. Snow
                  and B. Stieger and M. Alyari and J. Dolen and
                  A. Godshalk and C. Harrington and I. Iashvili and
                  J. Kaisen and D. Nguyen and A. Parker and
                  S. Rappoccio and B. Roozbahani and G. Alverson and
                  E. Barberis and A. Hortiangtham and A. Massironi and
                  D.M. Morse and D. Nash and T. Orimoto and
                  R. Teixeira De Lima and D. Trocino and R.-J. Wang
                  and D. Wood and S. Bhattacharya and O. Charaf and
                  K.A. Hahn and N. Mucia and N. Odell and B. Pollack
                  and M.H. Schmitt and K. Sung and M. Trovato and
                  M. Velasco and N. Dev and M. Hildreth and K. Hurtado
                  Anampa and C. Jessop and D.J. Karmgard and
                  N. Kellams and K. Lannon and N. Marinelli and
                  F. Meng and C. Mueller and Y. Musienko and M. Planer
                  and A. Reinsvold and R. Ruchti and N. Rupprecht and
                  G. Smith and S. Taroni and M. Wayne and M. Wolf and
                  A. Woodard and J. Alimena and L. Antonelli and
                  B. Bylsma and L.S. Durkin and S. Flowers and
                  B. Francis and A. Hart and C. Hill and W. Ji and
                  B. Liu and W. Luo and D. Puigh and B.L. Winer},
  title =	 {Particle-Flow Reconstruction and Global Event
                  Description With the Cms Detector},
  journal =	 {Journal of Instrumentation},
  volume =	 12,
  number =	 10,
  pages =	 {P10003-P10003},
  year =	 2017,
  doi =		 {10.1088/1748-0221/12/10/p10003},
  url =		 {https://doi.org/10.1088/1748-0221/12/10/p10003},
  DATE_ADDED =	 {Thu Mar 14 12:19:38 2019},
}


* Sirunyan, A., Tumasyan, A., Adam, W., Asilar, E., Bergauer, T., Brandstetter, J., Brondolin, E., … (2017): Particle-flow reconstruction and global event description with the cms detector
  :PROPERTIES:
  :Custom_ID: sirunyan17_partic_flow_recon_global_event
  :END:

